% This file was created with JabRef 2.10b2.
% Encoding: UTF-8


@InProceedings{esp,
  Title                    = {Labeling Images with a Computer Game},
  Author                   = {von Ahn, Luis and Dabbish, Laura},
  Booktitle                = {Proceedings of the SIGCHI Conference on Human Factors in Computing Systems},
  Year                     = {2004},

  Address                  = {New York, NY, USA},
  Pages                    = {319--326},
  Publisher                = {ACM},
  Series                   = {CHI '04},

  Acmid                    = {985733},
  Doi                      = {10.1145/985692.985733},
  ISBN                     = {1-58113-702-8},
  Keywords                 = {World Wide Web, distributed knowledge acquisition, image labeling, online games},
  Location                 = {Vienna, Austria},
  Numpages                 = {8},
  Owner                    = {steve},
  Timestamp                = {2014.02.27},
  Url                      = {http://doi.acm.org/10.1145/985692.985733}
}

@InProceedings{crowdsourcing_tutorial,
  Title                    = {Crowdsourcing for Information Retrieval: Principles, Methods, and Applications},
  Author                   = {Alonso, Omar and Lease, Matthew},
  Booktitle                = {Proceedings of the 34th International ACM SIGIR Conference on Research and Development in Information Retrieval},
  Year                     = {2011},

  Address                  = {New York, NY, USA},
  Pages                    = {1299--1300},
  Publisher                = {ACM},
  Series                   = {SIGIR '11},

  Acmid                    = {2010170},
  Doi                      = {10.1145/2009916.2010170},
  ISBN                     = {978-1-4503-0757-4},
  Keywords                 = {crowdsourcing, human computation},
  Location                 = {Beijing, China},
  Numpages                 = {2},
  Owner                    = {steve},
  Timestamp                = {2014.03.05},
  Url                      = {http://doi.acm.org/10.1145/2009916.2010170}
}

@InProceedings{soylent,
  Title                    = {Soylent: A Word Processor with a Crowd Inside},
  Author                   = {Bernstein, Michael S. and Little, Greg and Miller, Robert C. and Hartmann, Bj\"{o}rn and Ackerman, Mark S. and Karger, David R. and Crowell, David and Panovich, Katrina},
  Booktitle                = {Proceedings of the 23Nd Annual ACM Symposium on User Interface Software and Technology},
  Year                     = {2010},

  Address                  = {New York, NY, USA},
  Pages                    = {313--322},
  Publisher                = {ACM},
  Series                   = {UIST '10},

  Acmid                    = {1866078},
  Doi                      = {10.1145/1866029.1866078},
  ISBN                     = {978-1-4503-0271-5},
  Keywords                 = {crowdsourcing, mechanical turk, outsourcing},
  Location                 = {New York, New York, USA},
  Numpages                 = {10},
  Owner                    = {steve},
  Timestamp                = {2014.02.26},
  Url                      = {http://doi.acm.org/10.1145/1866029.1866078}
}

@InProceedings{crowdweaver,
  Title                    = {CrowdWeaver: Visually Managing Complex Crowd Work},
  Author                   = {Kittur, Aniket and Khamkar, Susheel and Andr{\'e}, Paul and Kraut, Robert},
  Booktitle                = {Proceedings of the ACM 2012 Conference on Computer Supported Cooperative Work},
  Year                     = {2012},

  Address                  = {New York, NY, USA},
  Pages                    = {1033--1036},
  Publisher                = {ACM},
  Series                   = {CSCW '12},

  Acmid                    = {2145357},
  Doi                      = {10.1145/2145204.2145357},
  ISBN                     = {978-1-4503-1086-4},
  Keywords                 = {coordination, crowdsourcing, visualization, workflow},
  Location                 = {Seattle, Washington, USA},
  Numpages                 = {4},
  Owner                    = {steve},
  Timestamp                = {2014.02.27},
  Url                      = {http://doi.acm.org/10.1145/2145204.2145357}
}

@InProceedings{crowdforge,
  Title                    = {CrowdForge: Crowdsourcing Complex Work},
  Author                   = {Kittur, Aniket and Smus, Boris and Khamkar, Susheel and Kraut, Robert E.},
  Booktitle                = {Proceedings of the 24th Annual ACM Symposium on User Interface Software and Technology},
  Year                     = {2011},

  Address                  = {New York, NY, USA},
  Pages                    = {43--52},
  Publisher                = {ACM},
  Series                   = {UIST '11},

  Acmid                    = {2047202},
  Doi                      = {10.1145/2047196.2047202},
  ISBN                     = {978-1-4503-0716-1},
  Keywords                 = {coordination, crowdsourcing, distributed processing, human computation, mapreduce, mechanical turk},
  Location                 = {Santa Barbara, California, USA},
  Numpages                 = {10},
  Owner                    = {steve},
  Timestamp                = {2014.02.14},
  Url                      = {http://doi.acm.org/10.1145/2047196.2047202}
}

@InProceedings{turkomatic,
  Title                    = {Collaboratively Crowdsourcing Workflows with Turkomatic},
  Author                   = {Kulkarni, Anand and Can, Matthew and Hartmann, Bj\"{o}rn},
  Booktitle                = {Proceedings of the ACM 2012 Conference on Computer Supported Cooperative Work},
  Year                     = {2012},

  Address                  = {New York, NY, USA},
  Pages                    = {1003--1012},
  Publisher                = {ACM},
  Series                   = {CSCW '12},

  Acmid                    = {2145354},
  Doi                      = {10.1145/2145204.2145354},
  ISBN                     = {978-1-4503-1086-4},
  Keywords                 = {crowdsourcing, task decomposition, workflows},
  Location                 = {Seattle, Washington, USA},
  Numpages                 = {10},
  Owner                    = {steve},
  Timestamp                = {2014.02.26},
  Url                      = {http://doi.acm.org/10.1145/2145204.2145354}
}

@InProceedings{turkit,
  Title                    = {TurKit: Human Computation Algorithms on Mechanical Turk},
  Author                   = {Little, Greg and Chilton, Lydia B. and Goldman, Max and Miller, Robert C.},
  Booktitle                = {Proceedings of the 23Nd Annual ACM Symposium on User Interface Software and Technology},
  Year                     = {2010},

  Address                  = {New York, NY, USA},
  Pages                    = {57--66},
  Publisher                = {ACM},
  Series                   = {UIST '10},

  Acmid                    = {1866040},
  Doi                      = {10.1145/1866029.1866040},
  ISBN                     = {978-1-4503-0271-5},
  Keywords                 = {human computation, mturk, toolkit},
  Location                 = {New York, New York, USA},
  Numpages                 = {10},
  Owner                    = {steve},
  Timestamp                = {2014.02.26},
  Url                      = {http://doi.acm.org/10.1145/1866029.1866040}
}

@InProceedings{crowdsearch,
  Title                    = {CrowdSearch: Exploiting Crowds for Accurate Real-time Image Search on Mobile Phones},
  Author                   = {Yan, Tingxin and Kumar, Vikas and Ganesan, Deepak},
  Booktitle                = {Proceedings of the 8th International Conference on Mobile Systems, Applications, and Services},
  Year                     = {2010},

  Address                  = {New York, NY, USA},
  Pages                    = {77--90},
  Publisher                = {ACM},
  Series                   = {MobiSys '10},

  Acmid                    = {1814443},
  Doi                      = {10.1145/1814433.1814443},
  ISBN                     = {978-1-60558-985-5},
  Keywords                 = {crowdsourcing, human validation, image search, real time},
  Location                 = {San Francisco, California, USA},
  Numpages                 = {14},
  Owner                    = {steve},
  Timestamp                = {2014.03.05},
  Url                      = {http://doi.acm.org/10.1145/1814433.1814443}
}

@Manual{mturk_bestpractices,
  Title                    = {Requester Best Practices Guide},
  Organization             = {Amazon},

  Owner                    = {steve},
  Timestamp                = {2014.03.05},
  Url                      = {http://mturkpublic.s3.amazonaws.com/docs/MTURK_BP.pdf}
}

